<?xml version="1.0" encoding="UTF-8"?><record xmlns="http://www.loc.gov/MARC21/slim" xmlns:cinclude="http://apache.org/cocoon/include/1.0" xmlns:zs="http://www.loc.gov/zing/srw/">
  <leader>00425nz  a2200133n  4500</leader>
  <controlfield tag="001">n  88646553 </controlfield>
  <controlfield tag="003">DLC</controlfield>
  <controlfield tag="005">19880628171012.9</controlfield>
  <controlfield tag="008">880628n| acannaab|          |n aad |||  </controlfield>
  <datafield tag="010" ind1=" " ind2=" ">
    <subfield code="a">n  88646553 </subfield>
  </datafield>
  <datafield tag="040" ind1=" " ind2=" ">
    <subfield code="a">DLC</subfield>
    <subfield code="c">DLC</subfield>
  </datafield>
  <datafield tag="100" ind1="1" ind2="0">
    <subfield code="a">Armstrong, Lauren,</subfield>
    <subfield code="d">1958-</subfield>
  </datafield>
  <datafield tag="667" ind1=" " ind2=" ">
    <subfield code="a">NLC not consulted.</subfield>
  </datafield>
  <datafield tag="670" ind1=" " ind2=" ">
    <subfield code="a">nuc88-78813: Taylor, G. Sunshine Coast seafood, 1985</subfield>
    <subfield code="b">(hdg. on CaBVaU rept.: Armstrong, Lauren, 1958- ; usage: Lauren Armstrong)</subfield>
  </datafield>
</record>